<record><leader>00000cas a22000007a 4500</leader><controlfield tag="001">13990465</controlfield><controlfield tag="008">860731d19591983txudn ne      0    0eng d</controlfield><datafield ind1=" " ind2=" " tag="010"><subfield code="a">sn 86088059 </subfield></datafield><datafield ind1=" " ind2=" " tag="040"><subfield code="a">PPM</subfield><subfield code="b">eng</subfield><subfield code="c">PPM</subfield><subfield code="d">OCLCQ</subfield></datafield><datafield ind1=" " ind2=" " tag="042"><subfield code="a">msc</subfield></datafield><datafield ind1="0" ind2=" " tag="130"><subfield code="a">Lubbock avalanche-journal (Lubbock, Tex. : 1959 : Evening ed.)</subfield></datafield><datafield ind1="1" ind2="0" tag="245"><subfield code="a">Lubbock avalanche-journal.</subfield></datafield><datafield ind1=" " ind2=" " tag="260"><subfield code="a">Lubbock, Tex. :</subfield><subfield code="b">Charles A. Guy,</subfield><subfield code="c">1959-1983.</subfield></datafield><datafield ind1=" " ind2=" " tag="300"><subfield code="a">v. :</subfield><subfield code="b">ill.</subfield></datafield><datafield ind1=" " ind2=" " tag="310"><subfield code="a">Daily (except Sat. and Sun.)</subfield></datafield><datafield ind1="0" ind2=" " tag="362"><subfield code="a">Vol. 35, no. 219 (June 29, 1959)-v. 57, no. 102 (Jan. 28, 1983).</subfield></datafield><datafield ind1=" " ind2=" " tag="580"><subfield code="a">Sunday edition: Lubbock avalanche-journal.</subfield></datafield><datafield ind1=" " ind2=" " tag="752"><subfield code="a">United States</subfield><subfield code="b">Texas</subfield><subfield code="c">Lubbock</subfield><subfield code="d">Lubbock.</subfield></datafield><datafield ind1="1" ind2=" " tag="775"><subfield code="t">Lubbock avalanche-journal (Lubbock, Tex.: 1940)</subfield><subfield code="w">(OCoLC)13990546</subfield></datafield><datafield ind1="0" ind2="0" tag="780"><subfield code="t">Lubbock evening journal</subfield><subfield code="w">(OCoLC)13895276</subfield></datafield><datafield ind1="0" ind2="0" tag="785"><subfield code="t">Evening journal (Lubbock, Tex.: 1983)</subfield></datafield></record>